<record><leader>00000cas a22000007a 4500</leader><controlfield tag="001">9316138</controlfield><controlfield tag="008">830316d18421845mauwr ne      0    0eng d</controlfield><controlfield tag="009">3768</controlfield><datafield ind1=" " ind2=" " tag="010"><subfield code="a">sn 83020291 </subfield></datafield><datafield ind1=" " ind2=" " tag="040"><subfield code="a">NPX</subfield><subfield code="b">eng</subfield><subfield code="c">NPX</subfield><subfield code="d">DLC</subfield><subfield code="d">OCL</subfield><subfield code="d">DLC</subfield><subfield code="d">MGN</subfield><subfield code="d">OCLCG</subfield></datafield><datafield ind1="1" ind2=" " tag="029"><subfield code="a">AU@</subfield><subfield code="b">000025789912</subfield></datafield><datafield ind1=" " ind2=" " tag="042"><subfield code="a">msc</subfield></datafield><datafield ind1=" " ind2=" " tag="043"><subfield code="a">n-us-ma</subfield></datafield><datafield ind1="0" ind2="0" tag="245"><subfield code="a">Essex County Washingtonian.</subfield></datafield><datafield ind1=" " ind2=" " tag="260"><subfield code="a">Salem, Mass. :</subfield><subfield code="b">[Christopher Robinson],</subfield></datafield><datafield ind1=" " ind2=" " tag="300"><subfield code="a">v. ;</subfield><subfield code="c">59 cm.</subfield></datafield><datafield ind1=" " ind2=" " tag="310"><subfield code="a">Weekly</subfield></datafield><datafield ind1="0" ind2=" " tag="362"><subfield code="a">Vol. 1, no. 1 (Mar. 16, 1842)-v. 3, no. 44 (Jan. 9, 1845).</subfield></datafield><datafield ind1=" " ind2=" " tag="500"><subfield code="a">Published simultaneously at Salem and Lynn, Mass., Mar. 16, 1842-&lt;1843&gt;; at Lynn only, &lt;Jan. 4, 1844&gt;-1845.</subfield></datafield><datafield ind1=" " ind2=" " tag="500"><subfield code="a">Editors: D. H. Barlow, 1842; H. Clapp, Jr., &lt;1844&gt;.</subfield></datafield><datafield ind1="1" ind2=" " tag="700"><subfield code="a">Barlow, David H.</subfield><subfield code="q">(David Hatch),</subfield><subfield code="d">1805-1864.</subfield></datafield><datafield ind1="1" ind2=" " tag="700"><subfield code="a">Clapp, Henry.</subfield></datafield><datafield ind1=" " ind2=" " tag="752"><subfield code="a">United States</subfield><subfield code="b">Massachusetts</subfield><subfield code="c">Essex</subfield><subfield code="d">Lynn.</subfield></datafield><datafield ind1=" " ind2=" " tag="752"><subfield code="a">United States</subfield><subfield code="b">Massachusetts</subfield><subfield code="c">Essex</subfield><subfield code="d">Salem.</subfield></datafield><datafield ind1="0" ind2="0" tag="785"><subfield code="t">Pioneer (Lynn, Mass.)</subfield><subfield code="w">(DLC)sn 83020292</subfield><subfield code="w">(OCoLC)9316182</subfield></datafield></record>